2867 4950
630 233 818 308 AD
917 231 1510 354 ιιΒιιινΜ
1590 203 2111 331 xxwm)
2249 240 2404 338 735

474 415 889 508 Πατρόκλεια·
927 419 1081 492 inde
1121 439 1160 481 a
1200 416 1311 482 lib.
1355 418 1516 481 XVI
1558 420 1702 502 (Π)
1745 426 2151 488 continuatur
2204 447 2406 512 vaquo

268 532 354 588 in
404 527 495 602 Σ,
547 525 785 601 xvm,
827 527 975 591 238.
1014 524 1092 606 Jn
1128 522 1247 584 hac
1278 518 1546 608 preffior
1581 521 1859 610 fimique,
1902 547 2026 590 nec
2065 543 2406 596 ornamen-

272 632 364 690 tis
416 644 495 690 et
564 630 860 711 epiaodiiz
919 631 1155 692 variata
1213 623 1301 687 est
1355 630 1676 708 narrat103
1736 643 1802 692 at
1854 630 2220 712 interpofita
2279 632 2406 699 011⁶

269 729 527 814 plura,
588 733 942 795 nectendae
998 731 1374 792 narrationis
1432 727 1666 804 caussa,
1719 747 1788 795 vt
1848 730 2270 816 superioribus
2323 737 2403 800 114

178 875 187 890 .
269 831 463 911 bris,
511 839 589 896 in
627 833 896 897 deorum
951 836 1234 915 inprimis
1307 826 1687 907 ministerio,
1750 834 2097 899 consentiat
2185 860 2403 906 narra..

269 942 377 998 tio
394 979 421 1010 ,
482 937 679 998 facile
738 931 1221 1014 animaduertas'.
1346 934 1415 994 Si
1467 930 1886 1021 Πατραλοίας
1939 957 2216 1022 partem.
2239 944 2395 1008 vltio

266 1059 574 1123 quoque
613 1033 884 1102 Patrocli
927 1039 1132 1101 caedis
1175 1036 1399 1100 caedes
1445 1038 1732 1101 Hectoris
1779 1039 2128 1107 constituit:
2171 1066 2396 1127 proce-

267 1142 452 1203 dere
498 1141 608 1201 illa
654 1141 873 1203 debuit
913 1163 1032 1223 per
1066 1142 1312 1225 reliqua
1355 1145 1678 1216 carminis,
1735 1162 1932 1228 vsque
1975 1147 2059 1209 ad
2094 1145 2282 1211 finem
2323 1152 2396 1211 li·
2453 1164 2460 1178 '

266 1243 383 1305 bri
432 1244 685 1307 xxm.
728 1247 874 1326 (Ψ)
914 1242 1282 1327 interpositis
1339 1259 1557 1306 tamen
1627 1265 1764 1307 non
1813 1254 2031 1330 paucis
2094 1271 2262 1334 quae
2316 1275 2394 1316 ex

266 1345 658 1410 Achilleide
722 1348 959 1431 aliqua·
986 1348 1266 1429 profecta
1339 1345 1459 1410 ess'e
1520 1348 1716 1409 videri
1784 1347 2076 1431 possunt,
2161 1370 2228 1417 et
2303 1359 2430 1419 ad.-

271 1470 565 1514 earmen
608 1450 688 1512 de
717 1450 955 1516 Achille
991 1449 1491 1531 spectarunt;·vt
1527 1451 1947 1535 redintegrata
2002 1461 2170 1518 inter
2220 1460 2390 1544 Aga-

269 1571 710 1616 memnonem
755 1570 821 1618 et
861 1552 1164 1615 Achillem
1208 1556 1411 1638 gratia
1448 1550 1555 1612 lib.
1593 1553 1752 1614 XIX
1783 1555 1888 1636 (T)
1931 1572 1998 1618 et
2042 1565 2244 1621 omnis
2275 1585 2390 1643 pu.

273 1671 423 1744 gna
478 1678 619 1719 cum
662 1659 952 1719 Troianis
997 1672 1060 1716 et
1103 1656 1411 1727 Hectore:
1454 1643 1586 1738 quo
1630 1653 1898 1717 referam
1939 1663 2130 1722 etiam
2157 1680 2389 1744 partes,
2439 1687 2448 1694 ·

272 1783 472 1846 quae
522 1759 834 1822 diuersum
891 1758 1081 1841 plane
1140 1758 1560 1821 characterem
1615 1757 1886 1822 habent:
1966 1769 2126 1828 noui
2199 1766 2389 1848 clipei

275 1864 605 1928 fabricam
664 1863 772 1928 lib.
847 1862 1077 1927 xvm.
1139 1863 1258 1943 (Σ)
1360 1862 1645 1945 Pugnam
1701 1862 1969 1925 deorum
2025 1865 2388 1938 inchoatam.
2437 1897 2450 1908 ·

273 1966 404 2031 lib'.
452 1969 583 2027 XX
623 1967 731 2047 (Τ)
775 1986 896 2028 nec
934 1980 1252 2046 peractam
1290 1960 1404 2026 nifi
1444 1962 1552 2025 lib.
1597 1966 1758 2026 xx1
1799 1967 1931 2047 (Φ)
1988 1967 2118 2031 Nisi
2162 1971 2384 2036 crede-

276 2093 363 2134 re
410 2070 624 2148 malis,
666 2066 806 2149 post
844 2062 1267 2151 Πατρόκλειμν
1311 2086 1555 2128 nouum
1595 2086 1852 2130 carmen
1897 2068 2262 2149 fucceffiss'e,
2305 2074 2386 2138 fi.

278 2172 451 2235 :mile
487 2170 641 2242 illia,
685 2191 847 2253 quae
888 2168 1069 2252 supra
1111 2168 1409 2243 vidimus,
1465 2174 1536 2229 in
1571 2167 1799 2250 quibua
1842 2169 2141 2276 insignior
2181 2179 2379 2242 modo

283 2275 820 2360 Agamemnonis,
888 2270 1086 2334 modo
1151 2269 1516 2347 Idomenei,
1590 2272 1787 2335 modo
1865 2267 2106 2351 Aiacis,
2184 2284 2378 2344 virtus
2454 2263 2460 2268 ⁵

287 2377 655 2453 eminebat,
717 2390 786 2438 vt
833 2395 1005 2437 nunc
1043 2371 1222 2435 simili
1274 2394 1452 2435 more
1506 2370 1761 2436 Achillis
1829 2378 1899 2436 in
1957 2398 2175 2465 pugna
2229 2405 2377 2447 cum

283 2486 610 2560 Hectore,
653 2501 819 2566 quae
857 2476 1053 2563 ipsam
1093 2476 1507 2542 Achilleidem
1551 2473 1926 2544 constituere
1966 2489 2201 2565 potuit,
2246 2487 2376 2551 elu-

282 2583 581 2651 cesceret.

468 2786 668 2851 Certe'
695 2805 867 2850 noua
902 2806 1167 2870 pugna,
1204 2805 1404 2869 eaque
1463 2798 1714 2871 quat-td
1763 2803 1831 2851 et
1887 2790 2099 2853 vltima
2147 2815 2373 2876 proce-

289 2892 392 2955 dit
431 2893 581 2953 inde
621 2912 655 2952 a
698 2890 860 2953 libro
903 2892 1034 2951 XX
1072 2891 1195 2972 (T)
1240 2889 1322 2951 de
1355 2911 1485 2974 qua
1529 2890 1609 2952 cf.
1654 2888 1988 2957 Excursum
2039 2896 2117 2956 ad
2160 2919 2215 2960 e.
2258 2898 2367 2959 lib.

284 3000 361 3061 in
398 3017 524 3079 qua
565 2996 761 3057 multa
804 3014 981 3056 noua
1024 3014 1097 3055 ac
1135 2998 1504 3077 peregrina,
1558 3012 1752 3055 nemo
1792 3013 1929 3055 non
1966 3002 2078 3079 qui
2118 2999 2200 3060 ad
2242 3021 2384 3083 car-¹

284 3120 440 3161 rnen
480 3097 822 3184 legendum
861 3093 1135 3169 acceffit,
1192 3092 1522 3155 obseruare
1586 3092 1841 3169 debuit3
1895 3102 2162 3161 maxime
2218 3123 2372 3165 con-

287 3200 502 3276 cursu,
556 3220 831 3283 moxque
888 3196 1187 3260 conflictu
1241 3195 1510 3258 deorum
1566 3196 1771 3279 facto,
1849 3199 2120 3265 inductis
2175 3192 2382 3268 etiam*

288 3307 445 3379 diis,
465 3308 597 3395 qui
644 3297 1065 3383 superioribus
1122 3297 1496 3361 carminibus
1552 3320 1766 3363 rerum
1822 3302 2245 3369 Troianamm
2301 3325 2366 3371 et

286 3386 671 3473 Achiuamm
730 3424 943 3464 curam
999 3401 1237 3465 nullam
1296 3399 1683 3479 habuerant,
1745 3402 2055 3490 singulare
2114 3430 2372 3473 carmen.

286 3531 505 3596 pugna
544 3513 711 3569 inter
746 3508 1022 3569 Aeneam
1077 3521 1142 3567 et
1174 3502 1502 3568 Achillem
1565 3511 1799 3569 eminet
1853 3514 1921 3571 in
1980 3506 2096 3571 hac
2149 3529 2367 3594 parte,

286 3635 502 3698 pugna
555 3608 808 3673 Achillis
859 3606 1358 3695 παρατυτοῖμμς,
1432 3608 1517 3670 ad
1571 3607 1836 3670 fluuium
1893 3611 2361 3687 Scamandrum,

285 3721 445 3779 noui
486 3717 749 3776 omnino
811 3717 1053 3798 generis
1095 3709 1183 3774 est
1239 3730 1526 3785 carme-n,
1587 3728 1655 3772 vt
1709 3730 1830 3773 nec
1893 3718 2095 3776 minua
2148 3737 2366 3802 pugna

291 3817 594 3892 deorum,
652 3838 819 3900 quae
874 3812 1189 3877 manifesta
1253 3812 1447 3875 habet
1503 3810 1754 3898 vestigia
1823 3814 2013 3877 alieni
2072 3833 2242 3879 ortus
2300 3836 2364 3880 et

293 3918 514 3981 diuerfi
569 3924 841 4004 ingenii:
907 3937 1133 4001 magna
1189 3915 1329 3978 sunt
1381 3912 1839 3997 phantasmata,
1897 3915 2000 3980 sed
2059 3920 2362 3985 iudicium

290 4037 523 4106 poetae
562 4041 785 4103 parum
834 4014 1154 4094 seuerum3
1196 4040 1317 4107 nec
1361 4039 1501 4080 curn
1547 4025 1821 4095 carmine
1867 4021 2112 4103 reliquo
2167 4022 2359 4087 Jliaco

291 4122 502 4186 fabula
552 4122 637 4189 est
677 4124 1125 4208 conglutinata.
1257 4121 1356 4187 Ad
1398 4121 1770 4185 Patrocliam
1818 4128 2058 4187 iterum.
2086 4124 2359 4189 reditum

377 4225 713 4310 obffi‘Vol.
730 4230 802 4290 ιι
815 4230 895 4291 Ρ.
914 4232 1019 4292 111
1429 4223 1620 4305 ,naa
