2867 4950
610 209 802 284 AD
903 210 1036 281 LI
1085 210 1141 282 B
1192 209 1506 284 RVM
1605 212 1888 287 XXIV
1970 217 2136 303 (Ω)
2271 212 2424 290 825·

295 395 429 454 cia
473 411 548 477 p.
598 398 756 477 320,
813 395 963 458 Alia,
992 412 1369 477 praetereo}
1426 357 1600 464 Nihil
1633 357 1705 457 in
1740 395 1838 458 his
1891 353 2010 471 est,
2062 400 2240 483 quod
2296 421 2425 462 cer·
2501 401 2514 424 ³

292 512 444 558 tam
491 513 569 559 et
608 496 991 561 fructuosam
1034 504 1365 564 notionem
1402 522 1661 577 eorum,
1724 519 1891 584 quae
1947 501 2029 564 ad
2074 485 2448 568 Homerum
2549 545 2554 552 ‚

288 595 660 690 spongia,
716 599 1103 686 suppeditet;
1157 624 1279 665 nec
1317 611 1514 689 magis
1551 610 1620 666 in
1654 606 1765 678 iis,
1825 623 1993 687 quae
2037 606 2433 687 apudstra·
2527 630 2531 634 ·

293 699 571 766 bonem
640 719 707 766 et
764 704 1128 769 Pausaniam
1185 723 1548 774 occurrunt.
1671 709 1965 770 Narratio
2030 717 2285 795 antiqua
2339 710 2424 772 de

300 811 722 870 certamine
764 830 913 868 cum
948 801 1231 892 Hesiodo
1279 811 1358 871 ab
1395 815 1617 892 inepto
1668 803 2072 896 grammatico
2128 813 2421 899 singulari

285 906 547 975 libello
597 910 883 995 plurimis
923 919 1288 976 commentis
1331 910 1421 978 ess.
1462 911 1856 996 amplificata.

490 1113 801 1178 Vidimus
842 1112 967 1180 fide
1005 1113 1289 1194 historica
1336 1113 1584 1181 destitui
1644 1115 1946 1200 quicquid
2003 1116 2087 1186 de
2137 1119 2418 1183 Homero

287 1218 640 1280 traditum
697 1216 815 1292 est,
867 1219 1043 1301 quod
1102 1221 1313 1290 multo
1360 1215 1564 1307 magis
1615 1240 1691 1282 ex
1747 1240 1825 1282 eo
1883 1238 2183 1303 apparet,
2240 1223 2421 1306 quod

290 1327 541 1403 primo
591 1319 671 1383 ab
718 1319 1014 1384 historicis
1064 1327 1133 1384 in
1172 1321 1598 1408 quaestionem
1644 1321 1728 1386 est
1768 1339 2092 1399 vocatum,
2144 1325 2227 1387 de
2264 1344 2417 1389 tem-

290 1422 636 1506 poribus,
692 1429 763 1485 in
815 1424 1042 1508 quibus
1099 1426 1205 1487 ille
1262 1430 1429 1488 vixit.
1518 1427 1814 1489 Alienum
1868 1447 1906 1488 a
1947 1425 2200 1491 consilio
2228 1420 2415 1510 estet,

292 1525 460 1609 post
524 1542 628 1590 tot
681 1532 847 1589 viros
905 1525 1283 1613 doctiffimos
1342 1533 1568 1591 iterum
1637 1533 1707 1590 in
1763 1527 1923 1591 hanc
1985 1529 2417 1613 quaestionem

298 1628 719 1693 descendere
757 1629 919 1690 velle
963 1645 1078 1692 aut
1118 1636 1317 1693 varias
1358 1629 1669 1713 epochas,
1730 1619 1889 1715 quas
1933 1632 2286 1697 constitutas
2326 1638 2418 1699 le.

296 1737 580 1821 gimus,
626 1753 1072 1814 annumerare,
1117 1755 1283 1819 quae
1324 1735 1458 1798 fere
1495 1735 1679 1797 'annis
1724 1731 1867 1817 post
1919 1732 2153 1798 bellum
2196 1739 2420 1804 Troia-

297 1855 524 1913 num,
552 1851 821 1922 'tempus
862 1829 926 1898 e't
964 1836 1163 1920 ipsum
1220 1860 1444 1919 parum
1499 1853 1774 1913 certum,
1837 1854 1969 1901 tum
2001 1845 2204 1902 -annis
2267 1858 2415 1906 ante

302 1938 783 2023 Olympiadem
839 1956 908 2002 et
963 1957 1131 2003 ante·
1168 1942 1437 2004 Romam
1493 1941 1812 2004 conditam
1877 1940 2130 2022 ,definiri
2179 1942 2416 2019 solentg

307 2062 455 2104 nec
498 2040 615 2103 nisi
653 2062 729 2103 ex
772 2039 1205 2125 probabilibus
1244 2042 1631 2122 rationibus,
1665 2045 1859 2108 modo
1900 2045 2249 2123 ariolando,
2280 2070 2414 2112 mo.

315 2144 419 2206 do
467 2146 933 2208 ratiocinando.
1023 2147 1306 2208 Varietas
1365 2145 1520 2208 haec
1576 2168 1711 2209 non
1752 2148 1951 2210 modo
1992 2147 2277 2214 testatum
2318 2151 2412 2215 sa·-

315 2252 415 2309 cit
457 2245 619 2321 hoc,
658 2248 836 2330 quod
886 2248 971 2309 de
1002 2251 1142 2331 ipso
1176 2252 1471 2311 Homero
1525 2249 1700 2310 nulla
1759 2266 1928 2312 certa
1980 2251 2147 2314 fama
2200 2251 2409 2336 super.

314 2350 492 2424 fuit,
530 2370 745 2414 verum
785 2352 852 2412 id
894 2349 1091 2433 ipsum
1136 2369 1429 2436 quoque,
1490 2352 1670 2434 quod
1716 2374 1837 2414 nee
1876 2351 1962 2413 de
1996 2371 2223 2416 aetate
2264 2377 2411 2417 ear-

315 2456 592 2518 minum
634 2457 787 2515 certi
834 2454 1074 2539 aliquid
1119 2454 1405 2520 constitit.
1492 2455 1817 2518 Honorum
1858 2453 2140 2520 nostrum
2194 2466 2411 2527 memi-

314 2560 399 2621 :ni
443 2573 804 2635 autumare,
848 2558 1108 2622 iliadem
1154 2577 1299 2623 ante
1352 2560 1826 2624 Hera-:liciarum
1884 2566 1954 2627 in
2010 2562 2412 2646 Peloponne-

315 2658 467 2723 sum
506 2658 779 2721 reditum
825 2677 1175 2726 contextam
1236 2660 1356 2728 ess'e
1412 2663 1675 2741 debere,
1752 2669 1897 2748 quia
1951 2663 2108 2751 nihil
2155 2669 2236 2731 de
2289 2666 2409 2732 hac

296 2784 545 2835 ,rerum
590 2763 1002 2833 conuerfione
1039 2770 1107 2828 in
1151 2787 1226 2830 ea
1258 2751 1681 2842 memoraturi
1743 2786 1908 2851 quae
1952 2778 2408 2855 argumentatio

318 2871 543 2952 primo
582 2889 700 2950 per
735 2867 797 2930 se
837 2870 1073 2935 nullam
1126 2876 1251 2933 vim
1293 2869 1520 2945 habet,
1560 2873 1709 2953 quia
1752 2886 1985 2951 poetae
2028 2887 2092 2933 et
2132 2871 2406 2963 ¹historici
2443 2866 2482 2895 ‘

270 2990 289 3007 ⁸
317 2990 469 3035 non
510 2971 729 3033 eadem
767 2971 911 3034 sunt
949 2994 1214 3036 munera
1256 2990 1321 3035 et
1358 2990 1603 3056 partein
1647 2992 1844 3054 porro
1905 2971 2406 3056 quorsum·poe-

324 3091 438 3150 ta,
476 3079 587 3157 qui
631 3076 713 3136 de
750 3075 935 3137 rebus
971 3077 1261 3141 Troianis
1305 3073 1607 3151 canebat,
1645 3072 1873 3138 seriora
1912 3075 2253 3140 immiscere
2295 3095 2412 3142 aut

320 3180 609 3240 intexere
653 3174 990 3252 debuisset,
1049 3198 1214 3263 quae
1264 3177 1421 3245 :nihil
1467 3198 1606 3238 cum
1643 3181 1720 3239 iis
1763 3176 2085 3245 habebant
2127 3202 2406 3244 commu.

320 3281 464 3343 ne?
501 3272 703 3360 ipsum
745 3299 998 3340 carmen
1039 3279 1308 3346 versatur
1344 3285 1413 3342 in
1465 3280 1650 3345 rebus
1707 3280 2194 3377 Pelopidarum,
2249 3306 2405 3368 quo

59 3386 65 3391 ’
188 3394 199 3399 “
320 3404 471 3446 rum
524 3386 854 3466 progenies
910 3405 1029 3463 per
1083 3386 1446 3461 Heraclidas
1512 3385 1949 3466 Peloponneso
2010 3388 2238 3449 cedere
2297 3410 2406 3451 co·

320 3501 470 3549 acta
528 3482 647 3559 est·
698 3505 864 3567 quae
922 3486 1143 3548 eadem
1198 3510 1295 3549 res
1346 3492 1514 3549 inter
1568 3485 1793 3551 caussas
1847 3489 1965 3551 suit
2006 3495 2397 3576 migrationis

317 3591 588 3652 Ionicae
646 3592 715 3649 in
766 3585 1000 3668 Afiam3
1075 3590 1158 3651 de
1212 3612 1331 3675 qua
1390 3611 1510 3652 nec
1559 3595 1754 3676 magis
1828 3607 2019 3673 poeta
2069 3611 2399 3670 memorat,

319 3712 447 3755 nec
490 3693 576 3756 de
619 3691 800 3753 Ionia
843 3706 908 3752 et
945 3692 1222 3754 Ionibus.
1309 3694 1505 3777 Quod
1554 3714 1702 3755 vero
1745 3713 1995 3760 omnem
2040 3695 2204 3756 hanc
2253 3716 2402 3757 con·
2457 3706 2474 3725 ‘

329 3776 630 3869 iectnram
672 3799 963 3879 perimit,
1012 3794 1130 3871 est,
1195 3798 1372 3880 quod
1425 3795 1597 3867 istam
1641 3798 2116 3860 Heraclidarum
2161 3813 2226 3861 et
2264 3800 2402 3859 Do-

332 3896 620 3960 rienfium
656 3904 759 3960 in-
800 3897 1303 3984 Peloponnesum
1368 3899 1849 3964 incursationem
1926 3907 2121 3963 annis·
2156 3902 2400 3963 LXXX

344 3997 425 4061 ab
458 4002 987 4074 ,excidioTroiae
1028 4002 1297 4066 euenisse
1355 4013 1685 4068 conuenit.
1742 4024 1863 4064 nec
1905 4003 2017 4064 nisi
2071 4004 2401 4065 annis-LX

335 4099 521 4164 serius
571 4103 755 4166 lones
810 4112 875 4169 in
928 4102 1069 4169 Afia
1112 4104 1580 4182 consederunt,
1637 4107 1984 4171 Homerum
2038 4121 2276 4173 autem⁸
2301 4107 2404 4199 Io·
